@book{ITDM:2014,
	author = {Pang-Ning Tan, Michael Steinbach, Vipin Kumar},
	title = {Introduction to Data Mining},
	isbn = {978-1-29202-615-2},
	publisher = {Pearson},
	Year = {2014}
	}
	
@book{UBD:2012,
	author = {Paul Zikopoulos},
	title = {Understanding Big Data},
	isbn = {978-0-07-179053-6},
	publisher = {The MacGraw Hill},
	Year = {2012}
	}

@book{HDG:2012,
	author = {Tom White},
	title = {Hadoop: The Definitive Guide},
	isbn = {978-1-449-31152-0},
	publisher = {O'Reilly},
	year = {2012}
}

@book{PP:2011,
	author = {Alan Gates},
	title = {Programming Pig},
	isbn = {978-1-449-30264-1},
	publisher = {O'Reilly},
	year = {2011}
}

@book{PH:2009,
	author = {Jason Venner},
	title = {Pro Hadoop},
	isbn = {978-1-4302-1943-9},
	publisher = {Apress},
	year = {2009}
}

@book{MSON:2014,
	author = {Dan McCreary e Ann Kelly},
	title = {Making sense of NoSQL},
	isbn = {978-1-617-29107-4},
	publisher = {Manning Publications Co.},
	year = {2014}
}

@article{ rick2013Grimes,
	author = {Rick Grimes},
	title = {Big Data: Avoid 'Wanna V' Confusion},
	journal = {InformationWeek},
	year = {2013},
	url = {http://www.informationweek.com/big-data/big-data-analytics/big-data-avoid-wanna-v-confusion/d/d-id/1111077}
}

@article{FT:2014,
title = {Google Flu Trends: come funziona},
author = {Google},
year = {2014},
url = {http://www.google.org/flutrends/about/how.html},
}

@article{ABASE:2013,
	title = {ACID vs. BASE: The Shifting pH of Database Transaction Processing},
	author = {Charles Roe, DATAVERSITY},
	year = {2013},
	url = {http://www.dataversity.net/acid-vs-base-the-shifting-ph-of-database-transaction-processing/}
}

@article{CAP:2013,
	article = {Il teorema CAP... in Brewer},
	subtitle = {I parte: Il teorema CAP (Consistency, Availability, Partition tolerance)},
	author = {Luca Vetti Tagliati},
	year = {2013},
	url = {http://www2.mokabyte.it/cms/article.run?permalink=mb186_BrewerCAP-1}
}

@techreport{ howMuchInformation:2003,
	author = {Peter Lyman e Hal R. Varian},
	title = {How much information?},
	year = {2003},
	institution = {University of California}
}

@techreport{ howMuchInformation:2009,
	author = {Roger Bohn e James Short},
	title = {How much information?},
	year = {2009},
	institution = {University of California}
}

@techreport{ mgi:2011,
	author = {James Manyika Michael Chui Brad Brown Jacques Bughin Richard Dobbss Charles Roxburgh e Angela Hung Byers},
	title = {Big data: The next frontier for innovation, competition and productivity},
	year = {2011},
	institution = {McKinsey Global Institute}
}
