%%%%%%%%%%%%%%%%%%%%%%
%%%%%%%%%%%%%%%% ARTICLES
%%%%%%%%%%%%%%%%%%%%%%

@article{NRAM:2016,
	author    = {K. Kurach and M. Andrychowicz and I. Sutskever},
	title     = {Neural Random-Access Machines},
	journal   = {CoRR},
	volume    = {abs/1511.06392},
	year      = {2015}
}

@article{Kingma2014AdamAM,
  title={Adam: A Method for Stochastic Optimization},
  author={Diederik P. Kingma and Jimmy Ba},
  journal={CoRR},
  year={2014},
  volume={abs/1412.6980}
}

@article{Graves2014NeuralTM,
  title={Neural Turing Machines},
  author={Alex Graves and Greg Wayne and Ivo Danihelka},
  journal={CoRR},
  year={2014},
  volume={abs/1410.5401}
}

@inproceedings{denn2017mod,
	author="Baioletti, Marco and Di Bari, Gabriele and Poggioni, Valentina and Tracolli, Mirco",
	title="Can Differential Evolution Be an Efficient Engine to Optimize Neural Networks?",
	booktitle="Machine Learning, Optimization, and Big Data",
	year="2018",
	publisher="Springer International Publishing",
	address="Cham",
	pages="401--413",
	isbn="978-3-319-72926-8"
}