%%%%%%%%%%%%%%%%%%%%%%
%%%%%%%%%%%%%%%% ARTICLES
%%%%%%%%%%%%%%%%%%%%%%

@article{NRAM:2016,
	author    = {K. Kurach and M. Andrychowicz and I. Sutskever},
	title     = {Neural Random-Access Machines},
	journal   = {CoRR},
	volume    = {abs/1511.06392},
	year      = {2015}
}